% Encoding: UTF-8

@misc{https://doi.org/10.15468/ksefnv,
  doi = {10.15468/KSEFNV},
  author = {Oyaneder,  Marcelo and Aguilar,  Andrés and Otárola,  Renato and Naulin,  Paulette I.},
  keywords = {plantae,  Arica y Parinacota.,  equisetopsida,  Biodiversidad,  especies,  flora,  liliopsida,  magnoliopsida,  gnetopsida,  distribución,  polypodiopsidaespecímenes,  Chile,  listado taxonómico,  Occurrence,  Observation},
  title = {Estudio Diagnóstico Levantamiento Biodiversidad Región Arica y Parinacota 2013},
  publisher = {Ministerio del Medio Ambiente de Chile},
  year = {2022},
  copyright = {Creative Commons Attribution 4.0 International}
}

@misc{https://doi.org/10.15468/xghpqa,
  doi = {10.15468/XGHPQA},
  author = {Oyaneder, Marcelo and Aguilar, Andrés and Otárola, Renato and Naulin, Paulette I.},
  keywords = {Occurrence, Observation},
  title = {Estudio limnológico para sustentar anteproyecto de la norma secundaria de calidad ambiental del Lago Lanalhue, Provincia de Arauco, Región del Biobío},
  publisher = {Ministerio del Medio Ambiente de Chile},
  year = {2022},
  copyright = {Creative Commons Attribution Non Commercial 4.0 International}
}

@misc{https://doi.org/10.15468/9jpbsz,
  doi = {10.15468/9JPBSZ},
  author = {Aguilar, Andrés and Oyaneder, Marcelo and Otárola, Renato and Naulin, Paulette I.},
  keywords = {Pitipalena Añihue, AMCP-MU, objetos de conservacion, Aysen, Samplingevent},
  title = {Objetos de conservación del Área Marina Costera Protegida de Múltiples Usos, Pitipalena-Añihue},
  publisher = {Ministerio del Medio Ambiente de Chile},
  year = {2022},
  copyright = {Creative Commons Attribution Non Commercial 4.0 International}
}

@misc{https://doi.org/10.15468/hcs6r4,
  doi = {10.15468/HCS6R4},
  author = {Otárola, Renato and Oyaneder, Marcelo and Aguilar, Andrés and Naulin, Paulette I.},
  keywords = {Occurrence, Observation, Picaflor},
  title = {Registros Eulidia yarrellii (estimaciones poblacionales) 2003-2021},
  publisher = {Ministerio del Medio Ambiente de Chile},
  year = {2022},
  copyright = {Creative Commons Attribution Non Commercial 4.0 International}
}

@misc{https://doi.org/10.15468/rcr2p6,
  doi = {10.15468/RCR2P6},
  author = {Otárola, Renato and Aguilar, Andrés and Oyaneder, Marcelo and Naulin, Paulette I.},
  keywords = {Castor, Especies Invasoras, Magallanes, Especies Exóticas Invasoras, Occurrence, Especies Exóticas, Observation},
  title = {Proyecto fortalecimiento y desarrollo de instrumentos para el manejo, prevención y control del Castor (Castor canadensis), una especie exótica invasora en la Patagonia Chilena.},
  publisher = {Ministerio del Medio Ambiente de Chile},
  year = {2022},
  copyright = {Creative Commons Attribution 4.0 International}
}

@inproceedings{PresCongreso,
  author = {Oyaneder, Marcelo and Naulin, Paulette I.},
  title = {Diagnosis of the quality of primary biodiversity data published in GBIF-Chile.},
  publisher = {LXV Reunión Anual Sociedad de Biología de Chile - XXVIII Reunión Anual Sociedad
de Ecología de Chile - XVIII Reunión Anual Sociedad Chilena de Neurociencia.},
  year = {2022}
}

@Comment{jabref-meta: databaseType:bibtex;}
